@book{world_of_chess,
    title = {A World of {Chess}: Its Development and Variations through Centuries and Civilizations},
    year = {2017},
    author = {Jean-Louis Cazaux and Rick Knowlton},
    pages = {244}
}

@book{fide-laws,
    title = {FIDE Laws of Chess},
    author={FIDE},
    year={2023},
    url={https://www.fide.com/FIDE/handbook/LawsOfChess.pdf}
}

@article{mechturk,
    title={Editorial: Maelzel's Chess Player},
    page={A318},
    author={Edgar Allan Poe},
    journal={Southern literary messenger; devoted to every department of literature and the fine arts},
    volume={2},
    issue={5},
    url={https://quod.lib.umich.edu/m/moajrnl/acf2679.0002.005/324}
}

@article{ajedrecista-article,
    title={Leonardo Torres Quevedo, referente para la ingeniería y desconocido para el gran público},
    author={Juan Jesús Velasco},
    year={2014},
    url={https://www.eldiario.es/tecnologia/diario-turing/leonardo-torres-quevedo-espana-desconocido_1_4553578.html}
}

@book{ajedrecista-algo,
    title={Chess and Computers},
    author={David Levy and Monty Newborn},
    year={1982},
    pages={13--23},
    publisher={Computer Science Press}
}

@book{turochamp,
    title={The Essential Turing},
    author={Jack Copeland},
    publisher={Oxford University Press},
    year={2004},
    isbn={978-0-19-825079-1}
}

@online{nimturochamp,
    title={nimTUROCHAMP},
    author={mdoege},
    url={https://github.com/mdoege/nimTUROCHAMP}
}

@online{chess-se-branching-factor,
    title={What is the average number of legal moves per turn?},
    author={David Barnes},
    url={https://chess.stackexchange.com/a/24325/37878}
}

@online{texel-tuning,
    title={Texel's Tuning Method},
    author={CPW},
    url={https://www.chessprogramming.org/Texel%27s_Tuning_Method}
}

@online{nnue-paper,
    title={\reflectbox{EUNN}: Efficiently Updatable Neural Network-based Evaluation Functions for Computer Shogi},
    year={2018},
    author={Yu Nasu},
    url={https://github.com/ynasu87/nnue/blob/master/docs/nnue.pdf}
}

@online{tcec-superfinal,
    title={TCEC Season 23 SuperFinal: Leela Chess Zero vs Stockfish},
    year={2022},
    author={Matthew Sadler},
    url={https://tcec-chess.com/articles/Sufi_23_-_Sadler.pdf}
}

@online{benfinegold-blundering-short,
    title={How to Stop Blundering and Start Improving Your Chess Game: Advice from a GM},
    author={Benjamin Finegold},
    url={https://www.youtube.com/watch?v=J4Gcl0YK034},
    year={2023}
}

@online{gothamchess-patterns,
    title={6 Checkmate Patterns YOU MUST KNOW},
    author={Levy Rozman},
    url={https://www.youtube.com/watch?v=iBZLU1FXhcI},
    year={2021}
}

@online{chessbase-chess-openings,
    title={Popularity of chess openings over time},
    author={ChessBase},
    url={https://en.chessbase.com/post/popularity-of-chess-openings-over-time},
    year={2014}
}

@online{kasparov-anti-computer-chess,
    title={Mig on Chess 178 -- All the News That's Fit to Mock},
    author={Mig Greengard},
    url={https://web.archive.org/web/20070808031336/http://www.chessbase.com/columns/column.asp?pid=149},
    year={2002}
}

@online{wired-alphago,
    title={Google's AI Wins Pivotal Second Game in Match With Go Grandmaster},
    author={Geordie Wood},
    url={https://www.wired.com/2016/03/googles-ai-wins-pivotal-game-two-match-go-grandmaster/},
    year={2016}
}

@online{gothamchess-cheater-exposed,
    title={400 Elo Stockfish Cheater Exposed},
    author={Levy Rozman},
    url={https://www.youtube.com/watch?v=Bh-xjJYmDOo},
    year={2023}
}

@online{lichess-kaladin,
    title={Kaladin},
    author={Lichess},
    url={https://github.com/lichess-org/kaladin},
    year={2021}
}

@online{chess960,
    title={Pictures of a Fischer Random Precursor},
    author={Mark Weeks},
    url={https://chess960frc.blogspot.com/2010/03/pictures-of-fischer-random-precursor.html},
    year={2010}
}

@misc{transfinite-game-values,
      title={Transfinite game values in infinite chess}, 
      author={C. D. A. Evans and Joel David Hamkins},
      year={2014},
      eprint={1302.4377},
      archivePrefix={arXiv},
      primaryClass={math.LO}
}

@misc{infinite-mate-in-n,
      title={The mate-in-n problem of infinite chess is decidable}, 
      author={Dan Brumleve and Joel David Hamkins and Philipp Schlicht},
      year={2012},
      eprint={1201.5597},
      archivePrefix={arXiv},
      primaryClass={math.LO}
}

@article{arimaa,
    title={Arimaa -- a New Game Designed to be Difficult for Computers},
    author={Omar Syed and Aamir Syed},
    year={2003},
    journal={International Computer Games Association Journal},
    volume={26},
    pages={138--139}
}

@online{arimaa-program,
    title={Designing a Winning Arimaa Program},
    author={David J. Wu},
    url={https://icosahedral.net/downloads/djwu2015arimaa_color.pdf},
    year={2015},
    journal={International Computer Games Association Journal},
    volume={38}
}

@online{5dchess-steam,
    title={5D Chess With Multiverse Time Travel},
    author={Conor Petersen},
    url={https://store.steampowered.com/app/1349230/5D_Chess_With_Multiverse_Time_Travel/},
    year={2020}
}

@online{5dchess-review,
    url={https://poly.rpi.edu/features/2022/04/chess-that-even-grandmasters-find-hard-to-comprehend/},
    title={Chess that even grandmasters find hard to comprehend},
    author={Ryan Hickey},
    year={2022}
}

@online{5dchess-rtgame,
    url={https://www.youtube.com/watch?v=suRtn-Jymzg},
    title={We Tried To Play 5D Chess. With Time Travel.},
    author={Daniel Condren},
    year={2021}
}

@online{shakmaty-crate,
    url={https://github.com/niklasf/shakmaty},
    title={shakmaty},
    author={Niklas Fiekas},
    year={2017--2024}
}

@online{triad-chess,
    url={https://upload.wikimedia.org/wikipedia/commons/8/85/%D0%9F%D1%80%D0%B0%D0%B2%D0%B8%D0%BB%D0%B0_%D0%A8%D0%B0%D1%85%D0%BC%D0%B0%D1%82%D1%8B_%D0%BD%D0%B0_%D1%82%D1%80%D0%BE%D0%B8%D1%85.pdf},
    title={Шахматы на троих},
    author={Ильшат Тагиев},
    year={2006}
}

@online{igf-kungfuchess,
    url={https://web.archive.org/web/20140327125722/http://www.igf.com/2002finalistswinners.html},
    title={Winners: 2002 IGF Competition},
    author={{Independent Games Festival}},
    year={2002}
}

@online{kfchess,
    url={https://kungfuchess.org/},
    title={Kung Fu Chess -- chess without turns},
    author={Corey Mohler},
    year={2020--2024}
}